2326 3926
591 406 1009 458 COLLECTIO
1037 405 1574 458 DISTICHORUM
1604 405 1979 458 UULGARIS

403 524 562 588 [Cum
584 530 1093 594 animaduerterem,
1118 546 1283 595 quam
1303 529 1565 595 plurimos
1584 529 1821 596 grauiter
1842 529 1898 582 in
1920 530 2010 582 uia
2037 547 2250 583 morum

330 630 522 677 errare,
564 613 987 665 succurrendum
1028 612 1269 679 opinioni
1309 629 1496 664 eorum
1536 622 1592 664 et
1632 612 2025 665 consulendum
2069 612 2253 665 famae

330 696 653 760 existimaui,
670 696 902 748 maxime
920 703 982 747 ut
999 695 1226 762 gloriose
1242 695 1491 747 uiuerent
1507 703 1562 747 et
1578 695 1839 747 honorem
1855 695 2247 762 contingerent.

330 796 475 834 nunc
516 788 589 843 te,
630 779 707 830 fili
746 779 1044 843 karissime,
1087 778 1312 842 doceb0,
1355 794 1463 844 quo
1502 787 1669 845 pacto
1709 795 1915 830 morem
1954 779 2124 831 animi
2167 779 2250 831 tui

330 879 623 929 conponas,
652 862 818 931 igitur
846 870 1138 928 praecepta
1166 878 1287 914 mea
1314 861 1395 915 ita
1420 861 1604 928 legito,
1635 869 1698 914 ut
1724 861 2023 928 intellegas,
2077 861 2253 927 legere

330 946 474 998 enim
495 955 549 997 et
568 962 678 998 non
696 945 1004 1011 intellegere
1023 945 1296 1011 neclegere
1314 953 1414 997 est.

402 1100 522 1150 Deo
545 1098 807 1164 supplica.

402 1184 661 1234 Parentes
678 1197 821 1233 ama.

403 1266 680 1331 Cognatos
705 1265 836 1316 cole.

402 1350 614 1399 Datum
640 1363 813 1399 serua.

401 1433 541 1483 Foro
565 1447 743 1496 parce.

402 1515 545 1567 Cum
571 1514 727 1566 bonis
752 1513 991 1565 ambula.

400 1600 715 1663 Antequam
741 1597 965 1660 uoceriS‚
992 1613 1059 1648 ne
1084 1595 1388 1648 accesseris·

402 1681 649 1732 Mundus
675 1688 809 1732 esto.
1085 1666 1090 1672 ’

403 1764 592 1816 Saluta
616 1763 864 1815 libenter.

402 1847 603 1899 Maiori
628 1848 879 1899 concede.

402 1930 796 1997 Magistratum
823 1939 1022 1981 metue.

401 2013 796 2066 Verecundiam
822 2030 994 2065 serua.

403 2099 542 2148 Rem
567 2105 723 2148 tuam
748 2097 979 2149 custodi.

402 2180 757 2246 Diligentiam
782 2179 998 2232 adhibe.

403 2263 688 2315 Familiam
714 2279 859 2315 cura.

403 2348 670 2398 Mutuum
696 2347 782 2398 da.

404 2429 507 2482 Cui
533 2430 644 2494 deS‚
672 2429 875 2482 uideto,

404 2513 711 2565 Conuiuare
737 2529 875 2564 raro.

402 2597 560 2660 Quod
586 2596 719 2647 satis
746 2604 845 2659 est,
874 2594 1065 2647 dormi.

404 2761 703 2828 Coniugem
728 2778 871 2813 ama.

402 2844 788 2896 Iusiurandum
815 2860 987 2896 serua.

405 2927 546 2980 Uino
572 2936 832 2993 tempera.

403 3013 592 3077 Pugna
617 3027 715 3077 pro
741 3010 937 3076 patria.

405 3093 555 3162 Nihil
581 3102 782 3145 temere
808 3093 1110 3144 credideris,

1262 3469 1323 3520 12
