<?xml version="1.0" encoding="UTF-8"?>
<!DOCTYPE html PUBLIC "-//W3C//DTD XHTML 1.0 Transitional//EN"
    "http://www.w3.org/TR/xhtml1/DTD/xhtml1-transitional.dtd">
<html xmlns="http://www.w3.org/1999/xhtml" xml:lang="en" lang="en">
 <head>
  <title>
</title>
<meta http-equiv="Content-Type" content="text/html;charset=utf-8" />
  <meta name='ocr-system' content='tesseract 3.04.00' />
  <meta name='ocr-capabilities' content='ocr_page ocr_carea ocr_par ocr_line ocrx_word'/>
</head>
<body>
  <div class='ocr_page' id='page_1' title='image "./distichsofcatofa00chasrich_0048.png"; bbox 0 0 2326 3926; ppageno 0'>
   <div class='ocr_carea' id='block_1_1' title="bbox 301 218 368 268">
    <p class='ocr_par' dir='ltr' id='par_1_1' title="bbox 301 218 368 268">
     <span class='ocr_line' id='line_1_1' title="bbox 301 218 368 268; baseline 0 0"><span class='ocrx_word' id='word_1_1' title='bbox 301 218 368 268; x_wconf 85' lang='lat'><strong>36</strong></span> 
     </span>
    </p>
   </div>
   <div class='ocr_carea' id='block_1_2' title="bbox 307 673 386 724">
    <p class='ocr_par' dir='ltr' id='par_1_2' title="bbox 307 673 386 724">
     <span class='ocr_line' id='line_1_2' title="bbox 307 673 386 724; baseline 0 0"><span class='ocrx_word' id='word_1_2' title='bbox 307 673 386 724; x_wconf 91' lang='grc'><strong>10.</strong></span> 
     </span>
    </p>
   </div>
   <div class='ocr_carea' id='block_1_3' title="bbox 306 963 386 1014">
    <p class='ocr_par' dir='ltr' id='par_1_3' title="bbox 306 963 386 1014">
     <span class='ocr_line' id='line_1_3' title="bbox 306 963 386 1014; baseline 0 0"><span class='ocrx_word' id='word_1_3' title='bbox 306 963 386 1014; x_wconf 91' lang='grc'><strong>11.</strong></span> 
     </span>
    </p>
   </div>
   <div class='ocr_carea' id='block_1_4' title="bbox 307 1254 387 1305">
    <p class='ocr_par' dir='ltr' id='par_1_4' title="bbox 307 1254 387 1305">
     <span class='ocr_line' id='line_1_4' title="bbox 307 1254 387 1305; baseline 0 0"><span class='ocrx_word' id='word_1_4' title='bbox 307 1254 387 1305; x_wconf 84' lang='grc'><strong>12.</strong></span> 
     </span>
    </p>
   </div>
   <div class='ocr_carea' id='block_1_5' title="bbox 307 1545 386 1596">
    <p class='ocr_par' dir='ltr' id='par_1_5' title="bbox 307 1545 386 1596">
     <span class='ocr_line' id='line_1_5' title="bbox 307 1545 386 1596; baseline 0 0"><span class='ocrx_word' id='word_1_5' title='bbox 307 1545 386 1596; x_wconf 87' lang='grc'><strong>13.</strong></span> 
     </span>
    </p>
   </div>
   <div class='ocr_carea' id='block_1_6' title="bbox 309 1851 388 1901">
    <p class='ocr_par' dir='ltr' id='par_1_6' title="bbox 309 1851 388 1901">
     <span class='ocr_line' id='line_1_6' title="bbox 309 1851 388 1901; baseline 0 0"><span class='ocrx_word' id='word_1_6' title='bbox 309 1851 388 1901; x_wconf 85' lang='lat'><strong>14.</strong></span> 
     </span>
    </p>
   </div>
   <div class='ocr_carea' id='block_1_7' title="bbox 306 2155 385 2206">
    <p class='ocr_par' dir='ltr' id='par_1_7' title="bbox 306 2155 385 2206">
     <span class='ocr_line' id='line_1_7' title="bbox 306 2155 385 2206; baseline 0 -1"><span class='ocrx_word' id='word_1_7' title='bbox 306 2155 385 2206; x_wconf 88' lang='grc'><strong>15.</strong></span> 
     </span>
    </p>
   </div>
   <div class='ocr_carea' id='block_1_8' title="bbox 305 2460 385 2510">
    <p class='ocr_par' dir='ltr' id='par_1_8' title="bbox 305 2460 385 2510">
     <span class='ocr_line' id='line_1_8' title="bbox 305 2460 385 2510; baseline 0 0"><span class='ocrx_word' id='word_1_8' title='bbox 305 2460 385 2510; x_wconf 90' lang='grc'><strong>16.</strong></span> 
     </span>
    </p>
   </div>
   <div class='ocr_carea' id='block_1_9' title="bbox 306 2763 384 2815">
    <p class='ocr_par' dir='ltr' id='par_1_9' title="bbox 306 2763 384 2815">
     <span class='ocr_line' id='line_1_9' title="bbox 306 2763 384 2815; baseline 0 0"><span class='ocrx_word' id='word_1_9' title='bbox 306 2763 384 2815; x_wconf 90' lang='grc'><strong>17.</strong></span> 
     </span>
    </p>
   </div>
   <div class='ocr_carea' id='block_1_10' title="bbox 305 3068 385 3119">
    <p class='ocr_par' dir='ltr' id='par_1_10' title="bbox 305 3068 385 3119">
     <span class='ocr_line' id='line_1_10' title="bbox 305 3068 385 3119; baseline -0.013 0"><span class='ocrx_word' id='word_1_10' title='bbox 305 3068 385 3119; x_wconf 90' lang='grc'><strong>18.</strong></span> 
     </span>
    </p>
   </div>
   <div class='ocr_carea' id='block_1_11' title="bbox 307 3371 386 3422">
    <p class='ocr_par' dir='ltr' id='par_1_11' title="bbox 307 3371 386 3422">
     <span class='ocr_line' id='line_1_11' title="bbox 307 3371 386 3422; baseline 0 0"><span class='ocrx_word' id='word_1_11' title='bbox 307 3371 386 3422; x_wconf 86' lang='grc'><strong>19.</strong></span> 
     </span>
    </p>
   </div>
   <div class='ocr_carea' id='block_1_12' title="bbox 742 231 1786 271">
    <p class='ocr_par' dir='ltr' id='par_1_12' title="bbox 742 231 1786 271">
     <span class='ocr_line' id='line_1_12' title="bbox 742 231 1786 271; baseline 0.003 -4"><span class='ocrx_word' id='word_1_12' title='bbox 742 231 1089 268; x_wconf 83' lang='lat' dir='ltr'>UNIVERSITY</span> <span class='ocrx_word' id='word_1_13' title='bbox 1114 232 1183 268; x_wconf 81' lang='lat' dir='ltr'><strong>OF</strong></span> <span class='ocrx_word' id='word_1_14' title='bbox 1213 232 1527 270; x_wconf 87' lang='lat' dir='ltr'>WISCONSIN</span> <span class='ocrx_word' id='word_1_15' title='bbox 1554 233 1786 271; x_wconf 85' lang='lat' dir='ltr'>STUDIES</span> 
     </span>
    </p>
   </div>
   <div class='ocr_carea' id='block_1_13' title="bbox 374 381 2004 450">
    <p class='ocr_par' dir='ltr' id='par_1_13' title="bbox 374 381 2004 450">
     <span class='ocr_line' id='line_1_13' title="bbox 374 381 2004 450; baseline 0.002 -16"><span class='ocrx_word' id='word_1_16' title='bbox 374 422 386 434; x_wconf 91' lang='lat'>.</span> <span class='ocrx_word' id='word_1_17' title='bbox 426 382 585 447; x_wconf 87' lang='lat' dir='ltr'><strong>Quod</strong></span> <span class='ocrx_word' id='word_1_18' title='bbox 612 381 713 433; x_wconf 93' lang='lat' dir='ltr'><strong>tibi</strong></span> <span class='ocrx_word' id='word_1_19' title='bbox 737 390 1053 447; x_wconf 90' lang='lat' dir='ltr'><strong>suspectum</strong></span> <span class='ocrx_word' id='word_1_20' title='bbox 1078 392 1178 446; x_wconf 89' lang='lat' dir='ltr'><strong>est,</strong></span> <span class='ocrx_word' id='word_1_21' title='bbox 1205 383 1493 435; x_wconf 83' lang='lat' dir='ltr'><strong>confestim</strong></span> <span class='ocrx_word' id='word_1_22' title='bbox 1519 384 1728 435; x_wconf 88' lang='lat' dir='ltr'><strong>discute</strong></span> <span class='ocrx_word' id='word_1_23' title='bbox 1754 384 1884 450; x_wconf 92' lang='lat' dir='ltr'><strong>quid</strong></span> <span class='ocrx_word' id='word_1_24' title='bbox 1912 386 2004 447; x_wconf 88' lang='lat' dir='ltr'><strong>sit余</strong></span> 
     </span>
    </p>
   </div>
   <div class='ocr_carea' id='block_1_14' title="bbox 428 464 1933 531">
    <p class='ocr_par' dir='ltr' id='par_1_14' title="bbox 428 464 1933 531">
     <span class='ocr_line' id='line_1_14' title="bbox 428 464 1933 531; baseline 0.001 -14"><span class='ocrx_word' id='word_1_25' title='bbox 428 466 683 530; x_wconf 89' lang='lat' dir='ltr'>Namque</span> <span class='ocrx_word' id='word_1_26' title='bbox 707 464 899 529; x_wconf 88' lang='lat' dir='ltr'>solent,</span> <span class='ocrx_word' id='word_1_27' title='bbox 925 465 1101 530; x_wconf 92' lang='lat' dir='ltr'><strong>primo</strong></span> <span class='ocrx_word' id='word_1_28' title='bbox 1126 481 1265 531; x_wconf 90' lang='lat' dir='ltr'><strong>quae</strong></span> <span class='ocrx_word' id='word_1_29' title='bbox 1289 476 1415 518; x_wconf 90' lang='lat' dir='ltr'><strong>sunt</strong></span> <span class='ocrx_word' id='word_1_30' title='bbox 1443 467 1701 530; x_wconf 87' lang='lat' dir='ltr'><strong>neclecta,</strong></span> <span class='ocrx_word' id='word_1_31' title='bbox 1726 483 1933 519; x_wconf 91' lang='lat' dir='ltr'><strong>nocere.</strong></span> 
     </span>
    </p>
   </div>
   <div class='ocr_carea' id='block_1_15' title="bbox 427 671 1761 822">
    <p class='ocr_par' dir='ltr' id='par_1_15' title="bbox 427 671 1761 822">
     <span class='ocr_line' id='line_1_15' title="bbox 428 671 1658 737; baseline 0.001 -13"><span class='ocrx_word' id='word_1_32' title='bbox 428 673 570 725; x_wconf 92' lang='lat' dir='ltr'><strong>Cum</strong></span> <span class='ocrx_word' id='word_1_33' title='bbox 595 681 650 723; x_wconf 90' lang='lat' dir='ltr'><strong>te</strong></span> <span class='ocrx_word' id='word_1_34' title='bbox 672 671 917 724; x_wconf 87' lang='lat' dir='ltr'><strong>detineat</strong></span> <span class='ocrx_word' id='word_1_35' title='bbox 942 672 1163 724; x_wconf 88' lang='lat' dir='ltr'><strong>Ueneris</strong></span> <span class='ocrx_word' id='word_1_36' title='bbox 1188 674 1451 725; x_wconf 88' lang='lat' dir='ltr'><strong>damnosa</strong></span> <span class='ocrx_word' id='word_1_37' title='bbox 1474 674 1658 737; x_wconf 90' lang='lat' dir='ltr'><strong>libido,</strong></span> 
     </span>
     <span class='ocr_line' id='line_1_16' title="bbox 427 755 1761 822; baseline 0.001 -16"><span class='ocrx_word' id='word_1_38' title='bbox 427 755 714 821; x_wconf 86' lang='lat' dir='ltr'><strong>Indulgere</strong></span> <span class='ocrx_word' id='word_1_39' title='bbox 736 755 894 822; x_wconf 86' lang='lat' dir='ltr'><strong>gulae</strong></span> <span class='ocrx_word' id='word_1_40' title='bbox 917 755 1044 819; x_wconf 87' lang='lat' dir='ltr'><strong>noli,</strong></span> <span class='ocrx_word' id='word_1_41' title='bbox 1071 771 1211 821; x_wconf 88' lang='lat' dir='ltr'><strong>quae</strong></span> <span class='ocrx_word' id='word_1_42' title='bbox 1236 757 1439 808; x_wconf 88' lang='lat' dir='ltr'><strong>uentris</strong></span> <span class='ocrx_word' id='word_1_43' title='bbox 1464 757 1639 808; x_wconf 90' lang='lat' dir='ltr'><strong>amica</strong></span> <span class='ocrx_word' id='word_1_44' title='bbox 1663 766 1761 809; x_wconf 90' lang='lat' dir='ltr'><strong>est.</strong></span> 
     </span>
    </p>
   </div>
   <div class='ocr_carea' id='block_1_16' title="bbox 427 962 2005 1113">
    <p class='ocr_par' dir='ltr' id='par_1_16' title="bbox 427 962 2005 1113">
     <span class='ocr_line' id='line_1_17' title="bbox 427 962 1728 1030; baseline 0.002 -16"><span class='ocrx_word' id='word_1_45' title='bbox 427 963 571 1015; x_wconf 91' lang='lat' dir='ltr'><strong>Cum</strong></span> <span class='ocrx_word' id='word_1_46' title='bbox 596 962 698 1014; x_wconf 91' lang='lat' dir='ltr'><strong>tibi</strong></span> <span class='ocrx_word' id='word_1_47' title='bbox 720 978 1023 1030; x_wconf 86' lang='lat' dir='ltr'><strong>praeponas</strong></span> <span class='ocrx_word' id='word_1_48' title='bbox 1047 962 1303 1015; x_wconf 90' lang='lat' dir='ltr'><strong>animalia</strong></span> <span class='ocrx_word' id='word_1_49' title='bbox 1329 963 1492 1015; x_wconf 90' lang='lat' dir='ltr'><strong>bruta</strong></span> <span class='ocrx_word' id='word_1_50' title='bbox 1518 963 1728 1027; x_wconf 86' lang='lat' dir='ltr'><strong>timore,</strong></span> 
     </span>
     <span class='ocr_line' id='line_1_18' title="bbox 429 1045 2005 1113; baseline 0 -15"><span class='ocrx_word' id='word_1_51' title='bbox 429 1046 614 1098; x_wconf 88' lang='lat' dir='ltr'><strong>Unum</strong></span> <span class='ocrx_word' id='word_1_52' title='bbox 641 1045 916 1097; x_wconf 88' lang='lat' dir='ltr'><strong>hominem</strong></span> <span class='ocrx_word' id='word_1_53' title='bbox 940 1046 1078 1098; x_wconf 88' lang='lat' dir='ltr'><strong>scito</strong></span> <span class='ocrx_word' id='word_1_54' title='bbox 1105 1046 1207 1098; x_wconf 90' lang='lat' dir='ltr'><strong>tibi</strong></span> <span class='ocrx_word' id='word_1_55' title='bbox 1230 1047 1518 1113; x_wconf 88' lang='lat' dir='ltr'><strong>praecipue</strong></span> <span class='ocrx_word' id='word_1_56' title='bbox 1544 1064 1658 1098; x_wconf 89' lang='lat' dir='ltr'><strong>esse</strong></span> <span class='ocrx_word' id='word_1_57' title='bbox 1684 1047 2005 1100; x_wconf 88' lang='lat' dir='ltr'><strong>timendum.</strong></span> 
     </span>
    </p>
   </div>
   <div class='ocr_carea' id='block_1_17' title="bbox 428 1253 1797 1403">
    <p class='ocr_par' dir='ltr' id='par_1_17' title="bbox 428 1253 1797 1403">
     <span class='ocr_line' id='line_1_19' title="bbox 428 1253 1797 1320; baseline 0.001 -16"><span class='ocrx_word' id='word_1_58' title='bbox 428 1253 571 1305; x_wconf 91' lang='lat' dir='ltr'><strong>Cum</strong></span> <span class='ocrx_word' id='word_1_59' title='bbox 596 1253 697 1305; x_wconf 91' lang='lat' dir='ltr'><strong>tibi</strong></span> <span class='ocrx_word' id='word_1_60' title='bbox 720 1253 1066 1320; x_wconf 88' lang='lat' dir='ltr'><strong>praeualidae</strong></span> <span class='ocrx_word' id='word_1_61' title='bbox 1088 1253 1291 1306; x_wconf 83' lang='lat' dir='ltr'><strong>fuerint</strong></span> <span class='ocrx_word' id='word_1_62' title='bbox 1315 1254 1370 1305; x_wconf 90' lang='lat' dir='ltr'><strong>in</strong></span> <span class='ocrx_word' id='word_1_63' title='bbox 1395 1271 1616 1320; x_wconf 91' lang='lat' dir='ltr'><strong>corpore</strong></span> <span class='ocrx_word' id='word_1_64' title='bbox 1641 1254 1797 1318; x_wconf 89' lang='lat' dir='ltr'><strong>uires,</strong></span> 
     </span>
     <span class='ocr_line' id='line_1_20' title="bbox 428 1336 1693 1403; baseline 0 -15"><span class='ocrx_word' id='word_1_65' title='bbox 428 1337 536 1388; x_wconf 84' lang='lat' dir='ltr'><strong>Fac</strong></span> <span class='ocrx_word' id='word_1_66' title='bbox 558 1337 761 1403; x_wconf 89' lang='lat' dir='ltr'><strong>sapias:</strong></span> <span class='ocrx_word' id='word_1_67' title='bbox 797 1336 874 1389; x_wconf 87' lang='lat' dir='ltr'><strong>sic</strong></span> <span class='ocrx_word' id='word_1_68' title='bbox 896 1346 958 1389; x_wconf 90' lang='lat' dir='ltr'><strong>tu</strong></span> <span class='ocrx_word' id='word_1_69' title='bbox 980 1337 1184 1402; x_wconf 91' lang='lat' dir='ltr'><strong>poteris</strong></span> <span class='ocrx_word' id='word_1_70' title='bbox 1206 1338 1289 1389; x_wconf 91' lang='lat' dir='ltr'><strong>uir</strong></span> <span class='ocrx_word' id='word_1_71' title='bbox 1311 1337 1467 1389; x_wconf 77' lang='lat' dir='ltr'><strong>fortis</strong></span> <span class='ocrx_word' id='word_1_72' title='bbox 1492 1337 1693 1389; x_wconf 90' lang='lat' dir='ltr'><strong>haberi.</strong></span> 
     </span>
    </p>
   </div>
   <div class='ocr_carea' id='block_1_18' title="bbox 426 1544 1937 1694">
    <p class='ocr_par' dir='ltr' id='par_1_18' title="bbox 426 1544 1937 1694">
     <span class='ocr_line' id='line_1_21' title="bbox 426 1544 1626 1611; baseline 0 -15"><span class='ocrx_word' id='word_1_73' title='bbox 426 1544 700 1597; x_wconf 84' lang='lat' dir='ltr'><strong>Auxilium</strong></span> <span class='ocrx_word' id='word_1_74' title='bbox 722 1561 756 1597; x_wconf 90' lang='lat' dir='ltr'><strong>a</strong></span> <span class='ocrx_word' id='word_1_75' title='bbox 780 1545 923 1597; x_wconf 89' lang='lat' dir='ltr'><strong>notis</strong></span> <span class='ocrx_word' id='word_1_76' title='bbox 945 1545 1138 1611; x_wconf 90' lang='lat' dir='ltr'><strong>petito,</strong></span> <span class='ocrx_word' id='word_1_77' title='bbox 1163 1546 1209 1597; x_wconf 89' lang='lat' dir='ltr'><strong>si</strong></span> <span class='ocrx_word' id='word_1_78' title='bbox 1231 1545 1371 1597; x_wconf 77' lang='lat' dir='ltr'><strong>forte</strong></span> <span class='ocrx_word' id='word_1_79' title='bbox 1394 1545 1626 1607; x_wconf 90' lang='lat' dir='ltr'><strong>labores余</strong></span> 
     </span>
     <span class='ocr_line' id='line_1_22' title="bbox 429 1628 1937 1694; baseline -0.001 -14"><span class='ocrx_word' id='word_1_80' title='bbox 429 1629 546 1680; x_wconf 91' lang='lat' dir='ltr'><strong>Nec</strong></span> <span class='ocrx_word' id='word_1_81' title='bbox 571 1628 861 1694; x_wconf 88' lang='lat' dir='ltr'><strong>quisquam</strong></span> <span class='ocrx_word' id='word_1_82' title='bbox 886 1629 1072 1680; x_wconf 89' lang='lat' dir='ltr'><strong>melior</strong></span> <span class='ocrx_word' id='word_1_83' title='bbox 1097 1628 1335 1680; x_wconf 91' lang='lat' dir='ltr'><strong>medicus</strong></span> <span class='ocrx_word' id='word_1_84' title='bbox 1361 1645 1527 1694; x_wconf 91' lang='lat' dir='ltr'><strong>quam</strong></span> <span class='ocrx_word' id='word_1_85' title='bbox 1551 1629 1690 1680; x_wconf 88' lang='lat' dir='ltr'><strong>fidus</strong></span> <span class='ocrx_word' id='word_1_86' title='bbox 1714 1629 1937 1681; x_wconf 78' lang='lat' dir='ltr'><strong>amicus,</strong></span> 
     </span>
    </p>
   </div>
   <div class='ocr_carea' id='block_1_19' title="bbox 428 1850 1870 1999">
    <p class='ocr_par' dir='ltr' id='par_1_19' title="bbox 428 1850 1870 1999">
     <span class='ocr_line' id='line_1_23' title="bbox 430 1850 1870 1916; baseline 0 -14"><span class='ocrx_word' id='word_1_87' title='bbox 430 1850 572 1902; x_wconf 91' lang='lat' dir='ltr'><strong>Cum</strong></span> <span class='ocrx_word' id='word_1_88' title='bbox 592 1850 664 1901; x_wconf 90' lang='lat' dir='ltr'><strong>sis</strong></span> <span class='ocrx_word' id='word_1_89' title='bbox 685 1850 798 1916; x_wconf 89' lang='lat' dir='ltr'><strong>ipse</strong></span> <span class='ocrx_word' id='word_1_90' title='bbox 819 1866 1035 1915; x_wconf 79' lang='lat' dir='ltr'><strong>nocenS,</strong></span> <span class='ocrx_word' id='word_1_91' title='bbox 1059 1850 1286 1903; x_wconf 88' lang='lat' dir='ltr'><strong>moritur</strong></span> <span class='ocrx_word' id='word_1_92' title='bbox 1306 1867 1401 1902; x_wconf 91' lang='lat' dir='ltr'><strong>cur</strong></span> <span class='ocrx_word' id='word_1_93' title='bbox 1423 1850 1646 1902; x_wconf 90' lang='lat' dir='ltr'><strong>uictima</strong></span> <span class='ocrx_word' id='word_1_94' title='bbox 1667 1867 1765 1916; x_wconf 93' lang='lat' dir='ltr'><strong>pro</strong></span> <span class='ocrx_word' id='word_1_95' title='bbox 1786 1852 1870 1902; x_wconf 88' lang='lat' dir='ltr'><strong>te?</strong></span> 
     </span>
     <span class='ocr_line' id='line_1_24' title="bbox 428 1933 1729 1999; baseline -0.002 -14"><span class='ocrx_word' id='word_1_96' title='bbox 428 1933 676 1985; x_wconf 86' lang='lat' dir='ltr'><strong>Stultitia</strong></span> <span class='ocrx_word' id='word_1_97' title='bbox 699 1942 780 1985; x_wconf 90' lang='lat' dir='ltr'><strong>est</strong></span> <span class='ocrx_word' id='word_1_98' title='bbox 804 1942 979 1985; x_wconf 90' lang='lat' dir='ltr'><strong>morte</strong></span> <span class='ocrx_word' id='word_1_99' title='bbox 1000 1933 1221 1986; x_wconf 89' lang='lat' dir='ltr'><strong>alterius</strong></span> <span class='ocrx_word' id='word_1_100' title='bbox 1243 1950 1457 1999; x_wconf 87' lang='lat' dir='ltr'><strong>sperare</strong></span> <span class='ocrx_word' id='word_1_101' title='bbox 1480 1933 1729 1985; x_wconf 89' lang='lat' dir='ltr'><strong>salutem.</strong></span> 
     </span>
    </p>
   </div>
   <div class='ocr_carea' id='block_1_20' title="bbox 427 2154 1868 2303">
    <p class='ocr_par' dir='ltr' id='par_1_20' title="bbox 427 2154 1868 2303">
     <span class='ocr_line' id='line_1_25' title="bbox 427 2154 1868 2221; baseline 0 -15"><span class='ocrx_word' id='word_1_102' title='bbox 427 2154 570 2206; x_wconf 91' lang='lat' dir='ltr'><strong>Cum</strong></span> <span class='ocrx_word' id='word_1_103' title='bbox 598 2155 698 2207; x_wconf 88' lang='lat' dir='ltr'><strong>tibi</strong></span> <span class='ocrx_word' id='word_1_104' title='bbox 725 2155 811 2207; x_wconf 91' lang='lat' dir='ltr'><strong>uel</strong></span> <span class='ocrx_word' id='word_1_105' title='bbox 834 2155 1041 2207; x_wconf 90' lang='lat' dir='ltr'><strong>socium</strong></span> <span class='ocrx_word' id='word_1_106' title='bbox 1070 2156 1154 2206; x_wconf 91' lang='lat' dir='ltr'><strong>uel</strong></span> <span class='ocrx_word' id='word_1_107' title='bbox 1179 2155 1350 2206; x_wconf 92' lang='lat' dir='ltr'><strong>fidum</strong></span> <span class='ocrx_word' id='word_1_108' title='bbox 1377 2155 1589 2221; x_wconf 89' lang='lat' dir='ltr'><strong>quaeris</strong></span> <span class='ocrx_word' id='word_1_109' title='bbox 1614 2155 1868 2217; x_wconf 86' lang='lat' dir='ltr'><strong>amicum,</strong></span> 
     </span>
     <span class='ocr_line' id='line_1_26' title="bbox 427 2238 1797 2303; baseline -0.001 -13"><span class='ocrx_word' id='word_1_110' title='bbox 427 2238 554 2290; x_wconf 91' lang='lat' dir='ltr'><strong>Non</strong></span> <span class='ocrx_word' id='word_1_111' title='bbox 576 2238 678 2290; x_wconf 89' lang='lat' dir='ltr'><strong>tibi</strong></span> <span class='ocrx_word' id='word_1_112' title='bbox 696 2238 918 2290; x_wconf 85' lang='lat' dir='ltr'><strong>fortuna</strong></span> <span class='ocrx_word' id='word_1_113' title='bbox 939 2247 1021 2290; x_wconf 90' lang='lat' dir='ltr'><strong>est</strong></span> <span class='ocrx_word' id='word_1_114' title='bbox 1042 2238 1274 2289; x_wconf 90' lang='lat' dir='ltr'><strong>hominis</strong></span> <span class='ocrx_word' id='word_1_115' title='bbox 1294 2239 1387 2290; x_wconf 88' lang='lat' dir='ltr'><strong>sed</strong></span> <span class='ocrx_word' id='word_1_116' title='bbox 1411 2238 1524 2290; x_wconf 86' lang='lat' dir='ltr'><strong>uita</strong></span> <span class='ocrx_word' id='word_1_117' title='bbox 1544 2238 1797 2303; x_wconf 89' lang='lat' dir='ltr'><strong>petenda.</strong></span> 
     </span>
    </p>
   </div>
   <div class='ocr_carea' id='block_1_21' title="bbox 426 2459 1798 2608">
    <p class='ocr_par' dir='ltr' id='par_1_21' title="bbox 426 2459 1798 2608">
     <span class='ocr_line' id='line_1_27' title="bbox 429 2459 1660 2526; baseline -0.002 -14"><span class='ocrx_word' id='word_1_118' title='bbox 429 2460 594 2512; x_wconf 91' lang='lat' dir='ltr'><strong>Utere</strong></span> <span class='ocrx_word' id='word_1_119' title='bbox 614 2460 873 2525; x_wconf 87' lang='lat' dir='ltr'><strong>quaesitis</strong></span> <span class='ocrx_word' id='word_1_120' title='bbox 893 2459 1105 2526; x_wconf 91' lang='lat' dir='ltr'><strong>opibus,</strong></span> <span class='ocrx_word' id='word_1_121' title='bbox 1125 2459 1250 2526; x_wconf 88' lang='lat' dir='ltr'><strong>fuge</strong></span> <span class='ocrx_word' id='word_1_122' title='bbox 1270 2476 1466 2510; x_wconf 90' lang='lat' dir='ltr'><strong>nomen</strong></span> <span class='ocrx_word' id='word_1_123' title='bbox 1485 2460 1660 2511; x_wconf 90' lang='lat' dir='ltr'><strong>auari:</strong></span> 
     </span>
     <span class='ocr_line' id='line_1_28' title="bbox 426 2542 1798 2608; baseline -0.001 -14"><span class='ocrx_word' id='word_1_124' title='bbox 426 2542 570 2607; x_wconf 87' lang='lat' dir='ltr'><strong>Quid</strong></span> <span class='ocrx_word' id='word_1_125' title='bbox 597 2542 698 2594; x_wconf 89' lang='lat' dir='ltr'><strong>tibi</strong></span> <span class='ocrx_word' id='word_1_126' title='bbox 724 2542 962 2606; x_wconf 84' lang='lat' dir='ltr'><strong>diuitias,</strong></span> <span class='ocrx_word' id='word_1_127' title='bbox 988 2543 1033 2593; x_wconf 90' lang='lat' dir='ltr'><strong>si</strong></span> <span class='ocrx_word' id='word_1_128' title='bbox 1058 2559 1268 2608; x_wconf 89' lang='lat' dir='ltr'><strong>semper</strong></span> <span class='ocrx_word' id='word_1_129' title='bbox 1294 2559 1499 2608; x_wconf 89' lang='lat' dir='ltr'><strong>pauper</strong></span> <span class='ocrx_word' id='word_1_130' title='bbox 1524 2542 1798 2594; x_wconf 87' lang='lat' dir='ltr'><strong>abundes?</strong></span> 
     </span>
    </p>
   </div>
   <div class='ocr_carea' id='block_1_22' title="bbox 425 2764 1864 2914">
    <p class='ocr_par' dir='ltr' id='par_1_22' title="bbox 425 2764 1864 2914">
     <span class='ocr_line' id='line_1_29' title="bbox 425 2764 1796 2831; baseline 0 -16"><span class='ocrx_word' id='word_1_131' title='bbox 425 2765 479 2816; x_wconf 92' lang='lat' dir='ltr'><strong>Si</strong></span> <span class='ocrx_word' id='word_1_132' title='bbox 502 2764 707 2816; x_wconf 78' lang='lat' dir='ltr'><strong>famam</strong></span> <span class='ocrx_word' id='word_1_133' title='bbox 729 2781 942 2816; x_wconf 90' lang='lat' dir='ltr'><strong>seruare</strong></span> <span class='ocrx_word' id='word_1_134' title='bbox 964 2765 1134 2831; x_wconf 80' lang='lat' dir='ltr'><strong>cupiS,</strong></span> <span class='ocrx_word' id='word_1_135' title='bbox 1158 2765 1288 2816; x_wconf 91' lang='lat' dir='ltr'><strong>dum</strong></span> <span class='ocrx_word' id='word_1_136' title='bbox 1314 2764 1469 2827; x_wconf 83' lang='lat' dir='ltr'><strong>uiuis,</strong></span> <span class='ocrx_word' id='word_1_137' title='bbox 1494 2764 1796 2826; x_wconf 85' lang='lat' dir='ltr'><strong>honestam,</strong></span> 
     </span>
     <span class='ocr_line' id='line_1_30' title="bbox 427 2847 1864 2914; baseline -0.001 -16"><span class='ocrx_word' id='word_1_138' title='bbox 427 2848 467 2899; x_wconf 89' lang='lat' dir='ltr'>F</span> <span class='ocrx_word' id='word_1_139' title='bbox 470 2863 535 2898; x_wconf 89' lang='lat' dir='ltr'><strong>ac</strong></span> <span class='ocrx_word' id='word_1_140' title='bbox 561 2847 736 2914; x_wconf 77' lang='lat' dir='ltr'><strong>fugias</strong></span> <span class='ocrx_word' id='word_1_141' title='bbox 761 2847 962 2911; x_wconf 90' lang='lat' dir='ltr'><strong>animo,</strong></span> <span class='ocrx_word' id='word_1_142' title='bbox 990 2864 1129 2913; x_wconf 90' lang='lat' dir='ltr'><strong>quae</strong></span> <span class='ocrx_word' id='word_1_143' title='bbox 1154 2856 1282 2898; x_wconf 90' lang='lat' dir='ltr'><strong>sunt</strong></span> <span class='ocrx_word' id='word_1_144' title='bbox 1311 2847 1451 2899; x_wconf 90' lang='lat' dir='ltr'><strong>mala</strong></span> <span class='ocrx_word' id='word_1_145' title='bbox 1477 2847 1674 2913; x_wconf 87' lang='lat' dir='ltr'><strong>gaudia</strong></span> <span class='ocrx_word' id='word_1_146' title='bbox 1702 2847 1864 2898; x_wconf 90' lang='lat' dir='ltr'><strong>uitae.</strong></span> 
     </span>
    </p>
   </div>
   <div class='ocr_carea' id='block_1_23' title="bbox 427 3068 1831 3217">
    <p class='ocr_par' dir='ltr' id='par_1_23' title="bbox 427 3068 1831 3217">
     <span class='ocr_line' id='line_1_31' title="bbox 427 3068 1656 3134; baseline -0.002 -14"><span class='ocrx_word' id='word_1_147' title='bbox 427 3068 568 3120; x_wconf 91' lang='lat' dir='ltr'><strong>Cum</strong></span> <span class='ocrx_word' id='word_1_148' title='bbox 594 3068 774 3134; x_wconf 84' lang='lat' dir='ltr'><strong>sapias</strong></span> <span class='ocrx_word' id='word_1_149' title='bbox 799 3068 1001 3132; x_wconf 80' lang='lat' dir='ltr'><strong>animo,</strong></span> <span class='ocrx_word' id='word_1_150' title='bbox 1028 3069 1138 3119; x_wconf 91' lang='lat' dir='ltr'><strong>noli</strong></span> <span class='ocrx_word' id='word_1_151' title='bbox 1164 3068 1333 3120; x_wconf 89' lang='lat' dir='ltr'><strong>ridere</strong></span> <span class='ocrx_word' id='word_1_152' title='bbox 1359 3077 1656 3129; x_wconf 89' lang='lat' dir='ltr'><strong>senectam余</strong></span> 
     </span>
     <span class='ocr_line' id='line_1_32' title="bbox 428 3150 1831 3217; baseline -0.001 -15"><span class='ocrx_word' id='word_1_153' title='bbox 428 3151 573 3202; x_wconf 86' lang='lat' dir='ltr'><strong>Nam</strong></span> <span class='ocrx_word' id='word_1_154' title='bbox 599 3151 963 3216; x_wconf 87' lang='lat' dir='ltr'><strong>quoieumque</strong></span> <span class='ocrx_word' id='word_1_155' title='bbox 985 3152 1099 3202; x_wconf 91' lang='lat' dir='ltr'><strong>seni</strong></span> <span class='ocrx_word' id='word_1_156' title='bbox 1122 3151 1337 3217; x_wconf 89' lang='lat' dir='ltr'><strong>puerilis</strong></span> <span class='ocrx_word' id='word_1_157' title='bbox 1362 3167 1547 3201; x_wconf 90' lang='lat' dir='ltr'><strong>sensus</strong></span> <span class='ocrx_word' id='word_1_158' title='bbox 1571 3150 1831 3201; x_wconf 86' lang='lat' dir='ltr'><strong>inhaeret.</strong></span> 
     </span>
    </p>
   </div>
   <div class='ocr_carea' id='block_1_24' title="bbox 427 3370 2002 3519">
    <p class='ocr_par' dir='ltr' id='par_1_24' title="bbox 427 3370 2002 3519">
     <span class='ocr_line' id='line_1_33' title="bbox 429 3370 1867 3437; baseline 0 -15"><span class='ocrx_word' id='word_1_159' title='bbox 429 3371 592 3423; x_wconf 87' lang='lat' dir='ltr'><strong>Disce</strong></span> <span class='ocrx_word' id='word_1_160' title='bbox 613 3371 842 3437; x_wconf 86' lang='lat' dir='ltr'><strong>aliquid余</strong></span> <span class='ocrx_word' id='word_1_161' title='bbox 865 3388 992 3423; x_wconf 87' lang='lat' dir='ltr'><strong>nam</strong></span> <span class='ocrx_word' id='word_1_162' title='bbox 1015 3388 1139 3423; x_wconf 92' lang='lat' dir='ltr'><strong>cum</strong></span> <span class='ocrx_word' id='word_1_163' title='bbox 1162 3372 1345 3423; x_wconf 90' lang='lat' dir='ltr'><strong>subito</strong></span> <span class='ocrx_word' id='word_1_164' title='bbox 1370 3374 1610 3423; x_wconf 86' lang='lat' dir='ltr'><strong>Fortuna</strong></span> <span class='ocrx_word' id='word_1_165' title='bbox 1634 3370 1867 3433; x_wconf 87' lang='lat' dir='ltr'><strong>recessit,</strong></span> 
     </span>
     <span class='ocr_line' id='line_1_34' title="bbox 427 3453 2002 3519; baseline -0.002 -14"><span class='ocrx_word' id='word_1_166' title='bbox 427 3455 526 3505; x_wconf 84' lang='lat' dir='ltr'><strong>Ars</strong></span> <span class='ocrx_word' id='word_1_167' title='bbox 550 3464 791 3506; x_wconf 85' lang='lat' dir='ltr'><strong>remanet</strong></span> <span class='ocrx_word' id='word_1_168' title='bbox 815 3454 1096 3519; x_wconf 88' lang='lat' dir='ltr'><strong>uitamque</strong></span> <span class='ocrx_word' id='word_1_169' title='bbox 1119 3454 1349 3506; x_wconf 87' lang='lat' dir='ltr'><strong>hominis</strong></span> <span class='ocrx_word' id='word_1_170' title='bbox 1372 3471 1479 3506; x_wconf 91' lang='lat' dir='ltr'><strong>non</strong></span> <span class='ocrx_word' id='word_1_171' title='bbox 1501 3453 1698 3506; x_wconf 89' lang='lat' dir='ltr'><strong>deserit</strong></span> <span class='ocrx_word' id='word_1_172' title='bbox 1725 3468 2002 3518; x_wconf 86' lang='lat' dir='ltr'><strong>umquam.</strong></span> 
     </span>
    </p>
   </div>
  </div>
 </body>
</html>
